
@inproceedings{talk-1-conference,
	title={Just tired of endless loops! or parallel: Stata module for parallel computing},
	author={{\bf Vega Yon}, {\bf George}},
	year={2013},
	month={7},
	eventtitle={{Stata Conference, 2013}},
	note={(conference talk, \href{https://github.com/gvegayon/talks/raw/master/20130718-parallel-stataconf/vega.pdf}{slides})},
	keywords={conferencetalk} 
}

@inproceedings{talk-2-conference,
	title={Understanding Diffusion with netdiffuseR},
	author={{\bf George G.} {\bf Vega Yon} and Thomas W. Valente},
	year={2016},
	month={3},
	eventtitle={{Sunbelt Conference, 2016}},
	note={(conference workshop, \href{https://github.com/USCCANA/netdiffuser-sunbelt2016}{slides}/\href{https://www.youtube.com/playlist?list=PLT-GgRN1lFI4coHDqkRJm3flDw9e1gg2P}{video})},
	keywords={conferencetalk} 
}

@inproceedings{talk-3-conference,
	title={Network Diffusion of Innovations in R: Introducing netdiffuseR},
	author={{\bf George G.} {\bf Vega Yon} and Thomas W. Valente},
	year={2016},
	month={6},
	eventtitle={{IC2S2, 2016}},
	note={(conference poster, \href{https://github.com/USCCANA/netdiffuser-ic2s22016/raw/master/netdiffuseR_ic2s22016.pdf}{slides})},
	keywords={conferencetalk} 
}

@inproceedings{talk-4-conference,
	title={Network Diffusion of Innovations in R: Introducing netdiffuseR},
	author={{\bf George G.} {\bf Vega Yon} and Thomas W. Valente},
	year={2016},
	month={6},
	eventtitle={{useR! 2016}},
	note={(conference talk, \href{https://github.com/gvegayon/netdiffuser-user2016/raw/master/netdiffuseR_useR2016.pdf}{slides}/\href{https://channel9.msdn.com/Events/useR-international-R-User-conference/useR2016/Network-Diffusion-of-Innovations-in-R-Introducing-netdiffuseR}{video})},
	keywords={conferencetalk} 
}

@inproceedings{talk-5-conference,
	title={Uncomplicated Parallel Computing with Stata},
	author={{\bf George G.} {\bf Vega Yon} and Brian Quistorff},
	year={2017},
	month={7},
	eventtitle={{Stata Conference 2017}},
	note={(conference talk, \href{https://github.com/gvegayon/parallel/raw/master/talks/20170727_stata_conference/20170727_stata_conference.pdf}{slides})},
	keywords={conferencetalk} 
}

@inproceedings{talk-6-conference,
	title={Understanding Diffusion with netdiffuseR},
	author={{\bf George G.} {\bf Vega Yon} and Thomas W. Valente},
	year={2017},
	month={7},
	eventtitle={{NASN 2017}},
	note={(conference workshop, \href{https://usccana.github.io/netdiffuser-nasn2017/}{slides})},
	keywords={conferencetalk} 
}

@inproceedings{talk-7-conference,
	title={Diffusion of Smoking Initiation  Among Diverse, Urban American Adolescents Over The High School Period},
	author={{\bf George G.} {\bf Vega Yon} and Kayla de la Haye and Hee-sung Shin and Thomas Valente},
	year={2017},
	month={7},
	eventtitle={{NASN 2017}},
	note={(conference talk, \href{https://github.com/gvegayon/talks/raw/master/20170728-nasn2017/sns_nasn2017.pdf}{slides})},
	keywords={conferencetalk} 
}

@inproceedings{talk-8-conference,
	title={Big Problems for Small Networks: Small Network Statistics},
	author={{\bf George G.} {\bf Vega Yon} and Kayla de la Haye},
	year={2018},
	month={11},
	eventtitle={{NASN 2018, DC}},
	note={(conference talk, \href{https://github.com/muriteams/nasn2018/blob/nasn2018/index.pdf}{slides})},
	keywords={conferencetalk} 
}

@inproceedings{talk-9-conference,
	title={Small network statistics for the network science of teams},
	author={{\bf George G.} {\bf Vega Yon} and Kayla de la Haye},
	year={2019},
	month={1},
	eventtitle={{NetSciX 2019, SCL}},
	note={(conference talk, \href{https://github.com/muriteams/nasn2018/raw/netscix2019/index.pdf}{slides})},
	keywords={conferencetalk} 
}

@inproceedings{talk-10-conference,
	title={Computacion de Alto Rendimiento con R},
	author={{\bf Vega Yon}, {\bf George}},
	year={2018},
	month={12},
	eventtitle={{satRday Santiago 2018}},
	note={(conference workshop, \href{https://github.com/gvegayon/satRdaySCL2018}{slides})},
	keywords={conferencetalk} 
}

@inproceedings{talk-11-conference,
	title={Exact Statistics and Semi-Parametric Tests for Small Network Data},
	author={{\bf George G.} {\bf Vega Yon} and Andrew Slaughter and Kayla de la Haye},
	year={2019},
	month={6},
	eventtitle={{Sunbelt 2019}},
	note={(conference talk, \href{https://github.com/gvegayon/sunbelt2019/blob/master/index-handout.pdf}{slides})},
	keywords={conferencetalk} 
}

@inproceedings{talk-12-conference,
	title={Exact Statistics and Semi-Parametric Tests for Small Network Data},
	author={{\bf George G.} {\bf Vega Yon} and Andrew Slaughter and Kayla de la Haye},
	year={2019},
	month={7},
	eventtitle={{IC2S2, 2019}},
	note={(conference talk, \href{https://github.com/gvegayon/ic2s22019/raw/master/index.pdf}{slides})},
	keywords={conferencetalk} 
}

@inproceedings{talk-13-conference,
	title={ERGMito Statistical Models for Small Team Social Networks},
	author={{\bf George G.} {\bf Vega Yon} and Aileen Dinkjian and Sarah Hamm-Alvarez and Kayla de la Haye},
	year={2020},
	month={6},
	eventtitle={{SciTS 2020}},
	note={(conference talk, \href{https://github.com/gvegayon/talks/raw/master/20200600-scits2020/slides.pdf}{slides}/\href{https://youtu.be/Dg32SnyOO7s}{video})},
	keywords={conferencetalk} 
}

@inproceedings{talk-14-conference,
	title={Network Influence in Officer Firearm Use},
	author={Marie Ouellet and Sadaf Hashimi and {\bf George G.} {\bf Vega Yon}},
	year={2021},
	month={7},
	eventtitle={{NETWORKS 2021 - A Joint Sunbelt and NetSci Conference}},
	note={(conference talk)},
	keywords={conferencetalk} 
}

@inproceedings{talk-15-conference,
	title={Triads, Dyads, and Gene Functions - When Social Network Analysis Meets Phylogenetics},
	author={{\bf Vega Yon}, {\bf George}},
	year={2021},
	month={7},
	eventtitle={{NETWORKS 2021 - A Joint Sunbelt and NetSci Conference}},
	note={(conference talk)},
	keywords={conferencetalk} 
}

@inproceedings{talk-16-conference,
	title={Imaginary Network Motifs: Structural Patterns of False Positives and Negatives in Social Networks},
	author={Kyosuke Tanaka and {\bf George G.} {\bf Vega Yon} },
	year={2022},
	month={5},
	eventtitle={{72th Annual Conference of the International Communication Association}},
	note={(conference talk)},
	keywords={conferencetalk} 
}

@inproceedings{talk-17-conference,
	title={The importance of interaction networks in long-term care facilities to reduce the equilibrium prevalence of infectious pathogens},
	author={Matthew Samore and {\bf George G.} {\bf Vega Yon} and Karim Khader and Kyle Kazemini and Nelson Chang and Lindsay Visnovsky and Alun Thomas and Candace Haroldsen and Kristina Stratford and Chong Zhang},
	year={2022},
	month={7},
	eventtitle={{Sunbelt 2022}},
	note={(conference talk)},
	keywords={conferencetalk} 
}

@inproceedings{talk-18-conference,
	title={Simulating Complex Agent-Based Model with epiworldR: A fast and flexible ABM framework},
	author={{\bf George G.} {\bf Vega Yon} and Derek Meyer},
	year={2023},
	month={6},
	eventtitle={{INSNA Sunbelt 2023}},
	note={(conference workshop, \href{https://UofUEpiBio.github.io/epiworldR-workshop}{slides})},
	keywords={conferencetalk} 
}

@inproceedings{talk-19-conference,
	title={Visualization tools for network science: Building beautiful graphs with netplot},
	author={Porter Bischoff and {\bf George G.} {\bf Vega Yon}},
	year={2023},
	month={6},
	eventtitle={{INSNA Sunbelt 2023}},
	note={(conference poster, \href{https://UofUEpiBio.github.io/netplot-sunbelt2023}{slides})},
	keywords={conferencetalk} 
}

@inproceedings{talk-20-conference,
	title={How Network Structure Affects Epidemiological Indicators in ABMs - A Large Simulation Study Featuring Artificial and Real-world Networks},
	author={\textbf{George G.} \textbf{Vega Yon} and Matthew Samore and Karim Khader and Chong Zhang and Alun Thomas},
	year={2023},
	month={7},
	eventtitle={{INSNA Sunbelt 2023}},
	note={(conference talk, \href{https://ggv.cl/slides/sunbelt2023}{slides})},
	keywords={conferencetalk} 
}
%\nocite{ talk2013-07-18,talk2016-03-28,talk2016-06-24,talk2016-06-29,talk2017-07-28,talk2017-07-26,talk2017-07-28,talk2018-11-28,talk2019-01-03,talk2018-12-12,talk2019-06-20,talk2019-07-19,talk2020-06-01,talk2021-07-07,talk2021-07-10,talk2022-05-27,talk2022-07-15,talk2023-06-28,talk2023-06-30,talk2023-07-01 }
