
@inproceedings{talk-1-other,
	title={Reproducible Research},
	author={},
	year={2016},
	month={9},
	eventtitle={{HBR Students talk}},
	note={(talk, \href{https://gvegayon.github.io/reproducible_research/}{slides})},
	keywords={othertalk} 
}

@inproceedings{talk-2-other,
	title={Introduction to R (for HPC users)},
	author={},
	year={2018},
	month={7},
	eventtitle={{USC's HPCC workshop}},
	note={(workshop, \href{https://uscbiostats.github.io/hpc-with-r/}{slides})},
	keywords={othertalk} 
}

@inproceedings{talk-3-other,
	title={Intro to R},
	author={},
	year={2018},
	month={7},
	eventtitle={{USC's HPCC workshop}},
	note={(workshop, \href{https://gvegayon.github.io/intro2r}{slides})},
	keywords={othertalk} 
}

@inproceedings{talk-4-other,
	title={R Bootcamp for Scientific Computing 2018},
	author={},
	year={2018},
	month={8},
	eventtitle={{R Bootcamp for Scientific Computing}},
	note={(workshop, \href{https://cdn.rawgit.com/USCbiostats/rbootcamp/master/day2/presentation.html}{slides})},
	keywords={othertalk} 
}

@inproceedings{talk-5-other,
	title={Overview of Social Network Models},
	author={},
	year={2018},
	month={12},
	eventtitle={{NA}},
	note={(talk, \href{https://gvegayon.github.io/cais-sep2018}{slides})},
	keywords={othertalk} 
}

@inproceedings{talk-6-other,
	title={A brief introduction to using R for high-performance computing},
	author={},
	year={2018},
	month={11},
	eventtitle={{East LA R User Group}},
	note={(talk, \href{https://gvegayon.github.io/laerug-hpc-w-r-nov2018/}{slides})},
	keywords={othertalk} 
}

@inproceedings{talk-7-other,
	title={What drives social networks? A gentle introduction to exponential random graph models (with a focus on small networks)},
	author={},
	year={2019},
	month={6},
	eventtitle={{East LA R User Group}},
	note={(talk, \href{https://github.com/gvegayon/laerug-ergms-june2019/blob/master/slides.pdf}{slides})},
	keywords={othertalk} 
}

@inproceedings{talk-8-other,
	title={Happy Scientist Seminar: Research Pipelines},
	author={},
	year={2019},
	month={10},
	eventtitle={{Happy Scientist Seminar}},
	note={(talk, \href{https://gvegayon.github.io/research-pipelines}{slides})},
	keywords={othertalk} 
}

@inproceedings{talk-9-other,
	title={Essays on Bioinformatics and Social Network Analysis Statistical and Computational Methods for Complex Systems},
	author={},
	year={2020},
	month={1},
	eventtitle={{Biostats Seminars}},
	note={(talk, \href{https://github.com/gvegayon/biostat-seminar-jan2020/raw/master/slides.pdf}{slides}/\href{https://youtu.be/hWyjRm1U_tc}{video})},
	keywords={othertalk} 
}

@inproceedings{talk-10-other,
	title={slurmR workshop},
	author={},
	year={2020},
	month={1},
	eventtitle={{Happy Scientist Semminar Series}},
	note={(workshop, \href{https://uscbiostats.github.io/slurmr-workshop}{slides})},
	keywords={othertalk} 
}

@inproceedings{talk-11-other,
	title={Essays on Bioinformatics and Social Network Analysis: Statistical and Computational Methods for Complex Systems},
	author={},
	year={2020},
	month={6},
	eventtitle={{Doctoral Defense}},
	note={(talk, \href{https://github.com/gvegayon/defense/raw/master/slides-handout.pdf}{slides})},
	keywords={othertalk} 
}
%\nocite{ talk2016-09-19,talk2018-07-07,talk2018-07-07,talk2018-08-13,talk2018-12-12,talk2018-11-12,talk2019-06-19,talk2019-10-24,talk2020-01-30,talk2020-01-22,talk2020-06-22 }
