
@inproceedings{talk-1-invited,
	title={Estadística de Redes y Econometría Espacial (con R)},
	author={},
	year={2018},
	month={12},
	eventtitle={{IMFD Summer School}},
	note={(invited talk, \href{https://github.com/gvegayon/redes-estadisticas2018}{slides}/\href{https://www.facebook.com/Fundamentosdelosdatos/videos/281299225908470/}{video})},
	keywords={invitedtalk} 
}

@inproceedings{talk-2-invited,
	title={Big Problems for Small Networks: Statistical Analysis of Small Networks and Team Performance},
	author={},
	year={2019},
	month={3},
	eventtitle={{SONIC Speaker}},
	note={(invited talk, \href{https://github.com/gvegayon/nu2019/raw/nu03-2019/talk/ggvy-nu2019-talk-handout.pdf}{slides}/\href{https://youtu.be/0eTqv5cxTwU}{video})},
	keywords={invitedtalk} 
}

@inproceedings{talk-3-invited,
	title={Big Problems for Small Networks: Statistical Analysis of Small Networks and Team Performance},
	author={},
	year={2019},
	month={4},
	eventtitle={{UCI Social Network Research Group}},
	note={(invited talk, \href{https://github.com/gvegayon/nu2019/raw/uci2019/talk/ggvy-uci2019-talk-handout.pdf}{slides})},
	keywords={invitedtalk} 
}

@inproceedings{talk-4-invited,
	title={A Brief Introduction to Using R for High-Performance Computing},
	author={},
	year={2019},
	month={8},
	eventtitle={{Orange County R Users Group}},
	note={(invited talk, \href{https://gvegayon.github.io/ocrug-hpc-august2019}{slides}/\href{https://youtu.be/gLmEBINxbFE}{video})},
	keywords={invitedtalk} 
}

@inproceedings{talk-5-invited,
	title={"Predicción de funciones genéticas utilizando evidencia experimental y árboles filogenéticos: Un modelo evolutivo" o "Ciencia de datos en la práctica"},
	author={},
	year={2020},
	month={4},
	eventtitle={{PUC Mathematical and Computational Engineering Seminars}},
	note={(invited talk, \href{https://github.com/gvegayon/charla-puc-abril2020/blob/master/slides.pdf}{slides})},
	keywords={invitedtalk} 
}

@inproceedings{talk-6-invited,
	title={Triads, Dyads, and Gene Functions - When Social Network Analysis Meets Phylogenetics},
	author={},
	year={2021},
	month={3},
	eventtitle={{Computational Cancer Genomics Working Group Evening Lecture}},
	note={(invited talk, \href{https://ggv.cl/slides/nygc}{slides})},
	keywords={invitedtalk} 
}
%\nocite{ talk2018-12-20,talk2019-03-20,talk2019-04-29,talk2019-08-27,talk2020-04-15,talk2021-03-09 }
