@Manual{R,
    title = {R: A Language and Environment for Statistical Computing},
    author = {{R Core Team}},
    organization = {R Foundation for Statistical Computing},
    address = {Vienna, Austria},
    year = {2018},
    url = {https://www.R-project.org/},
  }
  
@book{wickham2015advanced,
  title={Advanced R},
  author={Wickham, H.},
  isbn={9781498759809},
  series={Chapman \& Hall/CRC The R Series},
  url={https://books.google.com/books?id=FfsYCwAAQBAJ},
  year={2015},
  publisher={CRC Press}
}

@book{matloff2011art,
  title={The Art of R Programming: A Tour of Statistical Software Design},
  author={Matloff, N.},
  isbn={9781593273842},
  lccn={2011025598},
  series={No Starch Press Series},
  url={https://books.google.com/books?id=o2aLBAAAQBAJ},
  year={2011},
  publisher={No Starch Press}
}

@book{peng2012r,
  title={R Programming for Data Science},
  author={Peng, R.},
  isbn={9781365056826},
  url={https://books.google.com/books?id=GSePDAEACAAJ},
  year={2012},
  publisher={Lulu.com}
}

@book{wickham2016r,
  title={R for Data Science: Import, Tidy, Transform, Visualize, and Model Data},
  author={Wickham, H. and Grolemund, G.},
  isbn={9781491910368},
  lccn={2017300238},
  url={https://books.google.com/books?id=vfi3DQAAQBAJ},
  year={2016},
  publisher={O'Reilly Media}
}

@book{jones2009introduction,
  title={Introduction to Scientific Programming and Simulation Using R},
  author={Jones, O. and Maillardet, R. and Robinson, A.},
  isbn={9781420068740},
  series={Chapman \& Hall/CRC The R Series},
  url={https://books.google.com/books?id=gnZC525wnzIC},
  year={2009},
  publisher={CRC Press}
}